@INPROCEEDINGS{dahl:NNCluster, 
  author = "George Dahl and Alan McAvinney and Tia Newhall",
  title = "Parallelizing Neural Network Training For Cluster Systems",
  booktitle = "{IASTED} International Conference On Parallel And Distributed Computing And Networks", 
  year = 2008,
  HOWPUBLISHED = "\url{https://works.swarthmore.edu/fac-comp-sci/77/}",
  ANNOTE = "
    
    "
} 

@ARTICLE {Shallue:NNTraining,
        AUTHOR = "Christopher J. Shallue and Jaehoon Lee and Joesph Antognini and  Jascha Sohl-Dickstein and Roy Frostig and George E. Dahl",
        TITLE = "Measuring the Effects of Data Parallelism on Neural Network Training",
        JOURNAL = "Journal of Machine learning Research",
        Month = "July",
        YEAR = 2019,
        ANNOTE = "
        "
}

@article{10.1093/bib/bbz170,
    author = {Karim, Md Rezaul and Beyan, Oya and Zappa, Achille and Costa, Ivan G and Rebholz-Schuhmann, Dietrich and Cochez, Michael and Decker, Stefan},
    title = "{Deep learning-based clustering approaches for bioinformatics}",
    journal = {Briefings in Bioinformatics},
    volume = {22},
    number = {1},
    pages = {393-415},
    year = {2020},
    month = {02},
    issn = {1477-4054},
    doi = {10.1093/bib/bbz170},
    url = {https://doi.org/10.1093/bib/bbz170},
    eprint = {https://academic.oup.com/bib/article-pdf/22/1/393/35934885/bbz170.pdf},
}

@inproceedings {iandola2016firecaffe,
  title={Firecaffe: near-linear acceleration of deep neural network training on compute clusters},
  author={Iandola, Forrest N and Moskewicz, Matthew W and Ashraf, Khalid and Keutzer, Kurt},
  booktitle={Proceedings of the IEEE Conference on Computer Vision and Pattern Recognition},
  pages={2592--2600},
  year={2016}
}

@article {Horovod:journals/corr/abs-1802-05799,
  author    = {Alexander Sergeev and
               Mike Del Balso},
  title     = {Horovod: fast and easy distributed deep learning in TensorFlow},
  journal   = {CoRR},
  volume    = {abs/1802.05799},
  year      = {2018},
  url       = {http://arxiv.org/abs/1802.05799},
  eprinttype = {arXiv},
  eprint    = {1802.05799},
  timestamp = {Mon, 13 Aug 2018 16:46:12 +0200},
  biburl    = {https://dblp.org/rec/journals/corr/abs-1802-05799.bib},
  bibsource = {dblp computer science bibliography, https://dblp.org}
}

